
@manual{Tantau2019,
	author = {Tantau, Till},
	title = {{The TikZ and PGF Packages Manual for version 3.1}},
	url={https://sourceforge.net/projects/pgf},
	year = {2019},
}
@manual{Hoffmann2018,
	author = {Hoffmann, Jobst},
	title = {{The Listings Package}},
	url={http://ftp.cc.uoc.gr/mirrors/CTAN/macros/latex/contrib/listings/listings.pdf},
	year = {2018},
}
@manual{Reckdahl2006,
	author = {Reckdahl, Keith},
	title = {{Using Imported Graphics in LaTeX and pdfLaTeX}},
	url={http://ftp.cc.uoc.gr/mirrors/CTAN/info/epslatex/english/epslatex.pdf},
	year = {2006},
}
@manual{Pakin2017,
	author = {Pakin, Scott},
	title = {{The Comprehensive LaTeX Symbol List; The Comprehensive LaTeX Symbol List}},
	url={http://ftp.cc.uoc.gr/mirrors/CTAN/info/symbols/comprehensive/symbols-a4.pdf},
	year = {2017},
}
@manual{Oetiker,
  author = {Oetiker, Tobias and Partl, Hubert and Hyna, Irene and Schlegl, Elisabeth},
  title  = {{İnce bir LaTeX2e Elkitabı veya, 116 dakikada LaTeX2e}},
  url={http://ftp.ntua.gr/mirror/ctan/info/lshort/turkish/lshort-tr.pdf},
  note = {Türkçesi: Bekir Karaoğlu},
  year   = {2006},
}
@manual{adim,
	author = {Abdugafur Rakhimov and Orhan Kesemen},
	title  = {{Adım Adım LaTeX}},
	volume = {1},
	url={http://ftp.ntua.gr/mirror/ctan/info/turkishintro/LATEX_Turkish_Volume_1.pdf},
	year         = {1990},
}

@manual{latex2e,
key={latex2e},
title = {LaTeX2e: An unofficial reference manual},
url={http://puszcza.gnu.org.ua/software/latexrefman/},
year = {2018},
}

@manual{Pantieri2017,
author = {Pantieri, Lorenzo},
title = {{LaTeXpedia}},
url={http://www.lorenzopantieri.net/LaTeX_files/LaTeXpedia.pdf},
year = {2017},
}

@book{talbot2012,
	author    = "Nicola L. C. Talbot",
	title     = "LaTeX for Complete Novices",
	publisher = "Dickimaw Books",
	series    = "Dickimaw LaTeX Series",
	volume    = {1},
	isbn      = "978-1-909440-00-5",
	address   = "Norfolk, UK",
	year      = "2012",
}

@book{talbot2013,
	author    = "Nicola L. C. Talbot",
	title     = "Using LaTeX to Write a PhD Thesis",
	publisher = "Dickimaw Books",
	series    = "Dickimaw LaTeX Series",
	volume    = {2},
	isbn      = "978-1-909440-02-9",
	address   = "Norfolk, UK",
	year      = "2013",
}
@book{lamport1994latex,
	title={LaTeX: a document preparation system: user's guide and reference manual},
	author={Lamport, Leslie},
	year={1994},
	publisher={Addison-wesley},
}
@book{mittelbach2004latex,
	title={The LaTeX companion},
	author={Mittelbach, Frank and Goossens, Michel and Braams, Johannes and Carlisle, David and Rowley, Chris},
	year={2004},
	publisher={Addison-Wesley Professional},
}
@book{goossens1997latex,
	title={The LaTeX graphics companion: illustrating documents with TeX and PostScript},
	author={Goossens, Michel and Rahtz, Sebastian PQ and Rahtz, Sebastian and Mittelbach, Frank},
	volume={1},
	year={1997},
	publisher={Addison-Wesley Professional},
}






