@book{lang13,
    title={Algebraic number theory},
    author={Lang, Serge},
    volume={110},
    year={2013},
    publisher={Springer Science \& Business Media},
    }
@article{lamport78,
    title={Time, clocks, and the ordering of events in a
        distributed system},
    author={Lamport, Leslie},
    journal={Communications of the ACM},
    volume={21},
    number={7},
    pages={558--565},
    year={1978},
    publisher={ACM},
}
@manual{Oetiker06,
    author = {Oetiker, Tobias and Partl, Hubert and Hyna, Irene
        and Schlegl, Elisabeth},
    title  = {İnce bir {\LaTeXe} Elkitabı veya, 116 dakikada
        {\LaTeXe}},
    note   = {Türkçesi: Bekir Karaoğlu},
    url    = {http://ftp.ntua.gr/mirror/ctan/info/lshort/turkish/
        lshort-tr.pdf},
    year   = {2006},
}